<record><leader>00000cas a22000007a 4500</leader><controlfield tag="001">12793168</controlfield><controlfield tag="008">851114d18611866txuir ne      0    0eng d</controlfield><datafield ind1=" " ind2=" " tag="010"><subfield code="a">sn 85038593 </subfield></datafield><datafield ind1=" " ind2=" " tag="040"><subfield code="a">NPY</subfield><subfield code="b">eng</subfield><subfield code="c">NPY</subfield><subfield code="d">PPM</subfield><subfield code="d">NVF</subfield><subfield code="d">MGN</subfield><subfield code="d">PPM</subfield><subfield code="d">OCLCQ</subfield></datafield><datafield ind1=" " ind2=" " tag="042"><subfield code="a">msc</subfield></datafield><datafield ind1="0" ind2=" " tag="130"><subfield code="a">Tri-weekly news (Houston, Tex. : City ed.)</subfield></datafield><datafield ind1="1" ind2="4" tag="245"><subfield code="a">The tri-weekly news.</subfield></datafield><datafield ind1="1" ind2="3" tag="246"><subfield code="a">Galveston tri-weekly news</subfield><subfield code="f">&lt;Mar. 12-Oct. 2, 1863&gt;</subfield></datafield><datafield ind1="1" ind2="3" tag="246"><subfield code="a">Galveston news</subfield></datafield><datafield ind1=" " ind2=" " tag="250"><subfield code="a">[City ed.].</subfield></datafield><datafield ind1=" " ind2=" " tag="260"><subfield code="a">Houston [Tex.] :</subfield><subfield code="b">Richardson &amp; Co. :</subfield><subfield code="b">[s.n.]</subfield></datafield><datafield ind1=" " ind2=" " tag="300"><subfield code="a">v. ;</subfield><subfield code="c">46 cm.</subfield></datafield><datafield ind1=" " ind2=" " tag="310"><subfield code="a">Triweekly</subfield></datafield><datafield ind1="1" ind2=" " tag="362"><subfield code="a">Began Dec. 14, 1861? Ceased in 1866?</subfield></datafield><datafield ind1=" " ind2=" " tag="500"><subfield code="a">Published with title: Galveston tri-weekly news, Mar. &lt;12&gt;, 1863.</subfield></datafield><datafield ind1=" " ind2=" " tag="580"><subfield code="a">"Galveston tri-weekly news city edition is published Tues, Thurs. Sat.; mail edition on Mon., Wed., Fri.", Mail edition, Apr. 22, 1863.</subfield></datafield><datafield ind1=" " ind2=" " tag="588"><subfield code="a">Description based on: Vol. 21, no. 77 (Jan. 3, 1863).</subfield></datafield><datafield ind1=" " ind2=" " tag="752"><subfield code="a">United States</subfield><subfield code="b">Texas</subfield><subfield code="c">Harris</subfield><subfield code="d">Houston.</subfield></datafield><datafield ind1="0" ind2=" " tag="775"><subfield code="t">Tri-weekly news (Houston, Tex. : 1861)</subfield></datafield><datafield ind1="0" ind2=" " tag="775"><subfield code="t">News bulletin (Houston, Tex.)</subfield><subfield code="w">(DLC)sn 84022298</subfield></datafield></record>